@misc{wiki:delaunay,
  author = "Wikipedia",
  title = "Delaunay triangulation --- {W}ikipedia{,} The Free Encyclopedia",
  month = "August",
  year = "2012",
  url = "http://en.wikipedia.org/w/index.php?title=Delaunay_triangulation&oldid=508898800",
  note = "[accessed 01-October-2012]"
}

@inproceedings{Gurung2011,
   author = {Gurung, Topraj and Luffel, Mark and Lindstrom, Peter and
     Rossignac, Jarek},
   title = {LR: compact connectivity representation for triangle
     meshes},
   booktitle = {ACM SIGGRAPH 2011 papers},
   series = {SIGGRAPH '11},
   year = {2011},
   isbn = {978-1-4503-0943-1},
   location = {Vancouver, British Columbia, Canada},
   pages = {67:1--67:8},
   articleno = {67},
   numpages = {8},
   url = {http://doi.acm.org/10.1145/1964921.1964962},
   doi = {10.1145/1964921.1964962},
   acmid = {1964962},
   publisher = {ACM},
   address = {New York, NY, USA},
   keywords = {Hamiltonian cycle, mesh connectivity,
     triangle meshes},
}

@MISC{Rossignac04compressingvolumes,
  author = {Jarek Rossignac},
  title = {Compressing Volumes and Animations},
  year = {2004}
}

@inproceedings{Su1995:CSD,
  author = {Su, Peter and Drysdale, Robert L. Scot},
  title = {A comparison of sequential Delaunay triangulation
    algorithms},
  booktitle = {Proceedings of the eleventh annual symposium on
    Computational geometry},
  series = {SCG '95},
  year = {1995},
  isbn = {0-89791-724-3},
  location = {Vancouver, British Columbia, Canada},
  pages = {61--70},
  numpages = {10},
  url = {http://doi.acm.org/10.1145/220279.220286},
  doi = {10.1145/220279.220286},
  acmid = {220286},
  publisher = {ACM},
  address = {New York, NY, USA},
} 

@ARTICLE{Rossignac99wrapzip,
  author = {Jarek Rossignac and Andrzej Szymczak},
  title = {Wrap\&Zip decompression of the connectivity of
    triangle meshes compressed with EdgeBreaker},
  journal = {Journal of Computational Geometry, Theory and
    Applications},
  year = {1999},
  volume = {14},
  pages = {119--135}
}
